<?xml version="1.0" encoding="UTF-8"?><collection xmlns="http://www.loc.gov/MARC21/slim"><record><leader>00474nam--2200181-i-4500</leader><controlfield tag="001">000012352</controlfield><controlfield tag="002">20161230</controlfield><controlfield tag="005">20170128141955</controlfield><controlfield tag="008">060222s1000------------r-----000-0-eng-d</controlfield><datafield ind1=" " ind2=" " tag="080"><subfield code="a">512.54(082.1)</subfield></datafield><datafield ind1=" " ind2=" " tag="100"><subfield code="a">Accola, Robert D. M</subfield></datafield><datafield ind1=" " ind2=" " tag="245"><subfield code="a">Riemann surfaces, theta functions, and abelian automorphisms groups</subfield></datafield><datafield ind1=" " ind2=" " tag="260"><subfield code="a">Berlin</subfield><subfield code="b">Springer-Verlag</subfield><subfield code="c">1975</subfield></datafield><datafield ind1=" " ind2=" " tag="300"><subfield code="a">105 p</subfield></datafield><datafield ind1=" " ind2=" " tag="490"><subfield code="a">483</subfield></datafield><datafield ind1=" " ind2=" " tag="700"><subfield code="a">Eckmann, B</subfield></datafield><datafield ind1=" " ind2=" " tag="852"><subfield code="a">45392</subfield></datafield><datafield ind1=" " ind2=" " tag="CAT"><subfield code="a">SYS</subfield><subfield code="c">20170128</subfield><subfield code="h">141955</subfield></datafield></record></collection>